fiscalDateEnding,grossProfit,totalRevenue,costOfRevenue,costofGoodsAndServicesSold,operatingIncome,sellingGeneralAndAdministrative,researchAndDevelopment,operatingExpenses,investmentIncomeNet,netInterestIncome,interestIncome,interestExpense,nonInterestIncome,otherNonOperatingIncome,depreciation,depreciationAndAmortization,incomeBeforeTax,incomeTaxExpense,interestAndDebtExpense,netIncomeFromContinuingOperations,comprehensiveIncomeNetOfTax,ebit,ebitda,netIncome
2023-12-31,3777000000,3777000000,5330000000,None,3777000000,875000000,None,1385000000,None,-47000000,None,47000000,3385000000,1000000,None,None,289000000,21000000,47000000,268000000,508000000,336000000,None,268000000
2023-09-30,242000000,4950000000,4708000000,None,1298000000,785000000,None,1285000000,None,-49000000,49000000,49000000,3423000000,3000000,None,-1854000000,1805000000,236000000,49000000,1569000000,3147000000,1854000000,1805000000,1569000000
2023-06-30,91000000,5172000000,5081000000,1000000,1139000000,728000000,None,1249000000,None,-51000000,51000000,51000000,2979000000,35000000,None,-1876000000,1825000000,191000000,51000000,1634000000,1574000000,1876000000,1825000000,1634000000
2023-03-31,-482000000,4800000000,5282000000,None,1133000000,775000000,None,1308000000,None,-48000000,48000000,48000000,3705000000,0,None,-1390000000,1342000000,154000000,48000000,1188000000,339000000,1390000000,1375000000,1188000000
2022-12-31,-1226000000,3948000000,5236000000,275000000,750000000,837000000,None,1717000000,None,-55000000,55000000,55000000,3948000000,-1000000,None,-14000000,273000000,342000000,55000000,185000000,-12725000000,328000000,579000000,-21000000
2022-09-30,-916000000,4704000000,5736000000,None,1106000000,779000000,None,1299000000,None,-59000000,59000000,59000000,3160000000,1000000,None,-1388000000,1329000000,-452000000,59000000,1596000000,1256000000,1388000000,1162000000,1781000000
2022-06-30,-265000000,5315000000,5665000000,None,1141000000,802000000,None,1333000000,None,-55000000,55000000,55000000,3291000000,0,None,None,1708000000,314000000,55000000,1388000000,2865000000,1763000000,1756000000,1394000000
2022-03-31,-859000000,5173000000,6131000000,None,1161000000,833000000,None,1396000000,None,-56000000,56000000,56000000,3712000000,-1000000,None,322000000,1294000000,247000000,56000000,1032000000,1007000000,1350000000,1332000000,1047000000
2021-12-31,-1039000000,5436000000,6475000000,None,994000000,962000000,None,1624000000,None,-57000000,57000000,57000000,3993000000,-8000000,None,-10000000,1232000000,193000000,57000000,1039000000,770000000,1289000000,1289000000,1039000000
2021-09-30,-1132000000,5237000000,6369000000,None,1293000000,869000000,None,1515000000,None,-57000000,57000000,57000000,4198000000,-8000000,None,869000000,1113000000,225000000,57000000,888000000,531000000,1170000000,1170000000,888000000
2021-06-30,-910000000,5564000000,6474000000,None,1341000000,881000000,None,1538000000,None,-62000000,62000000,62000000,4345000000,-53000000,None,None,1373000000,268000000,62000000,1105000000,2317000000,1435000000,1435000000,1105000000
2021-03-31,-751000000,5869000000,6620000000,None,1306000000,832000000,None,1531000000,None,-62000000,62000000,62000000,4306000000,-7000000,None,311000000,1603000000,310000000,62000000,1293000000,-834000000,1665000000,1665000000,1293000000
2020-12-31,5913000000,5913000000,7339000000,None,961000000,1038000000,None,2817000000,None,-61000000,61000000,61000000,4653000000,-12000000,None,300000,1217000000,265000000,61000000,951000000,1969000000,1278000000,1278000000,952000000
2020-09-30,-1450000000,5665000000,7115000000,None,1037000000,847000000,None,1172000000,None,-63000000,63000000,63000000,4761000000,-1000000,None,914000,1153000000,-1303000000,63000000,2456000000,3623000000,1216000000,1216000000,2456000000
2020-06-30,-1438000000,5407000000,6845000000,None,1235000000,756000000,None,1088000000,None,-63000000,63000000,63000000,4784000000,1000000,None,None,1070000000,265000000,63000000,805000000,3367000000,1133000000,1133000000,805000000
2020-03-31,-1834000000,5162000000,6996000000,None,1183000000,779000000,None,1115000000,None,-55000000,55000000,55000000,4596000000,-15000000,None,None,720000000,154000000,55000000,566000000,-2709000000,775000000,775000000,566000000
2019-12-31,5603000000,5603000000,7173000000,3630000000,1023000000,859000000,None,2700000000,None,-57000000,57000000,57000000,4671000000,0,None,None,1057000000,276000000,57000000,782000000,145000000,1114000000,1114000000,781000000
2019-09-30,-1610000000,5536000000,7146000000,3674000000,1156000000,769000000,None,1099000000,None,-57000000,57000000,57000000,4590000000,0,None,None,1036000000,259000000,57000000,777000000,1664000000,1093000000,1093000000,777000000
2019-06-30,-1476000000,5511000000,6987000000,3602000000,1143000000,743000000,None,1072000000,None,-57000000,57000000,57000000,4803000000,0,None,None,1109000000,292000000,57000000,817000000,2700000000,1166000000,1166000000,817000000
2019-03-31,-1341000000,5657000000,6998000000,3638000000,1139000000,719000000,None,1050000000,None,-58000000,None,58000000,4691000000,0,None,None,1242000000,314000000,58000000,928000000,3258000000,1300000000,1300000000,928000000
2018-12-31,5126000000,5126000000,7012000000,3551000000,1045000000,795000000,None,1157000000,None,-58000000,None,58000000,4591000000,-1000000,None,None,722000000,197000000,58000000,525000000,767000000,780000000,780000000,525000000
2018-09-30,-1479000000,5577000000,7056000000,3648000000,1061000000,730000000,None,1061000000,None,-53000000,None,53000000,4474000000,-3000000,None,None,1146000000,301000000,53000000,845000000,-98000000,1199000000,1199000000,845000000
2018-06-30,-1515000000,5589000000,7104000000,3672000000,1138000000,732000000,None,1070000000,None,-54000000,None,54000000,4534000000,-42000000,None,None,1131000000,299000000,54000000,832000000,-1000000,1185000000,1185000000,832000000
2018-03-31,-1667000000,5464000000,7131000000,4397000000,1109000000,733000000,None,1070000000,None,-56000000,None,56000000,4661000000,-29000000,None,None,982000000,265000000,56000000,717000000,374000000,1038000000,1038000000,717000000
2017-12-31,5424000000,5424000000,7106000000,4335000000,973000000,755000000,None,1128000000,None,-59000000,None,59000000,4580000000,-31000000,None,None,998000000,-1585000000,59000000,2584000000,3080000000,1057000000,1058000000,2583000000
2017-09-30,-1617000000,5506000000,7123000000,4362000000,1014000000,686000000,None,1018000000,None,-59000000,None,59000000,4625000000,-10000000,None,None,1075000000,359000000,59000000,716000000,846000000,1134000000,1134000000,716000000
2017-06-30,-1598000000,5428000000,7026000000,4314000000,1073000000,665000000,None,1000000000,None,-61000000,None,61000000,4613000000,-9000000,None,None,1045000000,332000000,61000000,713000000,1482000000,1106000000,1106000000,713000000
2017-03-31,-1703000000,5309000000,7012000000,4343000000,1027000000,675000000,None,1003000000,None,-62000000,None,62000000,4515000000,-20000000,None,None,898000000,306000000,62000000,592000000,594000000,960000000,960000000,592000000
2016-12-31,5955000000,5955000000,7512000000,4593000000,904000000,848000000,None,1239000000,None,-72000000,None,72000000,4778000000,-136000000,None,None,1153000000,402000000,72000000,751000000,-1983000000,1225000000,1225000000,751000000
2016-09-30,-1947000000,5716000000,7663000000,4688000000,1092000000,675000000,None,1028000000,None,-65000000,None,65000000,4915000000,1000000,None,None,963000000,334000000,65000000,629000000,561000000,1028000000,1028000000,629000000
2016-06-30,-1968000000,5437000000,7405000000,4537000000,1042000000,654000000,None,999000000,None,-66000000,None,66000000,4656000000,0,None,None,834000000,286000000,66000000,548000000,3044000000,900000000,900000000,548000000
2016-03-31,-1454000000,5451000000,6905000000,4269000000,1077000000,563000000,None,952000000,None,-65000000,None,65000000,4598000000,0,None,None,1117000000,386000000,65000000,731000000,3042000000,1182000000,1182000000,731000000
2015-12-31,5319000000,5319000000,6766000000,4144000000,943000000,972000000,None,988000000,None,-65000000,None,65000000,4394000000,37000000,None,None,1110000000,380000000,65000000,730000000,827000000,1175000000,1175000000,730000000
2015-09-30,-1626000000,5040000000,6666000000,4108000000,1027000000,554000000,None,924000000,None,-67000000,None,67000000,4377000000,-27000000,None,None,864000000,297000000,67000000,567000000,588000000,931000000,931000000,567000000
2015-06-30,-1392000000,5287000000,6679000000,4109000000,995000000,550000000,None,1147000000,None,-74000000,None,74000000,4399000000,-225000000,None,None,874000000,301000000,74000000,573000000,-1252000000,948000000,948000000,573000000
2015-03-31,-1485000000,5226000000,6711000000,41000000,1035000000,530000000,None,901000000,None,-83000000,None,83000000,4383000000,-18000000,None,None,1013000000,350000000,83000000,663000000,1016000000,1096000000,1096000000,663000000
2014-12-31,5514000000,5514000000,7084000000,4360000000,886000000,624000000,None,1079000000,None,-79000000,None,79000000,4489000000,60000000,None,None,1075000000,372000000,79000000,703000000,1182000000,1154000000,1154000000,703000000
2014-09-30,-1811000000,5736000000,7547000000,32000000,1041000000,566000000,None,959000000,None,-77000000,None,77000000,4824000000,27000000,None,None,1074000000,368000000,77000000,706000000,600000000,1151000000,1151000000,706000000
2014-06-30,-1561000000,5838000000,7399000000,44000000,1157000000,537000000,None,950000000,None,-81000000,None,81000000,4921000000,-11000000,None,None,1238000000,428000000,81000000,810000000,2109000000,1319000000,1319000000,810000000
2014-03-31,-1337000000,5640000000,6977000000,42000000,1169000000,534000000,None,1155000000,None,-80000000,None,80000000,4770000000,-9000000,None,None,1104000000,372000000,80000000,732000000,1602000000,1184000000,1184000000,732000000
2013-12-31,5801000000,5801000000,7586000000,4691000000,990000000,591000000,None,-20000000,None,-82000000,None,82000000,4910000000,28000000,None,None,1028000000,353000000,82000000,675000000,573000000,1110000000,1110000000,675000000
2013-09-30,-1662000000,5886000000,7548000000,49000000,1047000000,568000000,None,1104000000,None,-71000000,None,71000000,4988000000,0,None,None,1069000000,367000000,71000000,702000000,1081000000,1140000000,1140000000,702000000
2013-06-30,-1307000000,6044000000,7351000000,48000000,1157000000,529000000,None,708000000,None,-69000000,None,69000000,5128000000,0,None,None,1358000000,469000000,69000000,889000000,-1602000000,1427000000,1427000000,889000000
2013-03-31,-1423000000,6208000000,7631000000,46000000,1205000000,534000000,None,1006000000,None,-71000000,None,71000000,5276000000,0,None,None,1361000000,469000000,71000000,892000000,-172000000,1432000000,1432000000,892000000
2012-12-31,6375000000,6375000000,9049000000,5421000000,1058000000,670000000,None,171000000,None,-75000000,None,75000000,5643000000,None,None,None,880000000,299000000,75000000,581000000,209000000,955000000,954000000,581000000
2012-09-30,-1709000000,6847000000,8556000000,50000000,1194000000,595000000,None,1156000000,None,-67000000,None,67000000,5755000000,None,None,None,1480000000,463000000,67000000,1017000000,1932000000,1547000000,1547000000,1017000000
2012-06-30,-2554000000,5902000000,8456000000,48000000,1159000000,587000000,None,1539000000,None,-62000000,None,62000000,5400000000,None,None,None,741000000,258000000,62000000,483000000,655000000,803000000,803000000,483000000
2012-03-31,-1819000000,6240000000,8059000000,49000000,1247000000,564000000,None,1228000000,None,-57000000,None,57000000,5458000000,None,None,None,1202000000,417000000,57000000,785000000,820000000,1259000000,1259000000,785000000
2011-12-31,5979000000,5979000000,8881000000,5105000000,1043000000,658000000,None,2070000000,None,-53000000,None,53000000,5324000000,None,None,None,822000000,284000000,53000000,1122000000,952000000,875000000,887000000,538000000
2011-09-30,-1771000000,5987000000,7758000000,45000000,1175000000,579000000,None,1483000000,None,-52000000,None,52000000,4986000000,None,None,None,1092000000,356000000,52000000,744000000,852000000,1144000000,1157000000,736000000
2011-06-30,-2603000000,5088000000,7691000000,45000000,1112000000,565000000,None,1547000000,None,-46000000,None,46000000,4998000000,None,None,None,444000000,170000000,46000000,280000000,1094000000,490000000,499000000,274000000
2011-03-31,-1835000000,5117000000,6952000000,2413000000,1170000000,534000000,None,1190000000,None,-45000000,None,45000000,4698000000,None,None,None,591000000,202000000,45000000,395000000,251000000,636000000,645000000,389000000
2010-12-31,5294000000,5294000000,7177000000,4583000000,938000000,666000000,None,1136000000,None,-44000000,None,44000000,4785000000,None,None,None,191000000,-230000000,44000000,437000000,-52000000,235000000,711000000,421000000
2010-09-30,-1315000000,5394000000,6709000000,4300000000,1046000000,505000000,None,972000000,None,-39000000,None,39000000,4629000000,None,None,None,325000000,-365000000,39000000,690000000,1356000000,364000000,1094000000,690000000
2010-06-30,-1298000000,4980000000,6278000000,4057000000,978000000,508000000,None,1066000000,None,-33000000,None,33000000,4244000000,None,None,None,273000000,-308000000,33000000,581000000,1117000000,306000000,922000000,581000000
2010-03-31,-1130000000,5065000000,6195000000,37000000,1020000000,481000000,None,958000000,None,-33000000,None,33000000,4344000000,None,None,None,298000000,-338000000,33000000,636000000,840000000,331000000,1007000000,636000000
2009-12-31,4597000000,4597000000,5499000000,65000000,24298000000,572000000,None,160000000,None,-26000000,None,26000000,4347000000,None,None,None,344000000,92000000,26000000,251000000,-596000000,370000000,368000000,252000000
2009-09-30,-1963000000,4526000000,6489000000,44000000,-7227000000,487000000,None,1291000000,None,-25000000,None,25000000,4186000000,None,None,None,549000000,186000000,25000000,363000000,2010000000,574000000,574000000,363000000
2009-06-30,-1980000000,4313000000,6293000000,35000000,-7083000000,462000000,None,1275000000,None,-14000000,None,14000000,3997000000,None,None,None,473000000,159000000,14000000,314000000,1583000000,487000000,487000000,314000000
