fiscalDateEnding,grossProfit,totalRevenue,costOfRevenue,costofGoodsAndServicesSold,operatingIncome,sellingGeneralAndAdministrative,researchAndDevelopment,operatingExpenses,investmentIncomeNet,netInterestIncome,interestIncome,interestExpense,nonInterestIncome,otherNonOperatingIncome,depreciation,depreciationAndAmortization,incomeBeforeTax,incomeTaxExpense,interestAndDebtExpense,netIncomeFromContinuingOperations,comprehensiveIncomeNetOfTax,ebit,ebitda,netIncome
2023-12-31,211000000,4083000000,3872000000,2201000000,-1460000000,1277000000,None,1671000000,40000000,-13000000,71000000,84000000,4083000000,20000000,79000000,231000000,149000000,7000000,None,142000000,305000000,-1460000000,-1229000000,142000000
2023-09-30,2012000000,4090000000,4008000000,2078000000,2012000000,1114000000,None,2447000000,131000000,108000000,108000000,54000000,4090000000,33000000,74000000,271000000,953000000,209000000,None,701000000,563000000,2012000000,968000000,744000000
2023-06-30,1994000000,3924000000,3044000000,1952000000,-186000000,1042000000,None,1066000000,58000000,None,10000000,10000000,3924000000,36000000,67000000,257000000,9510000000,158000000,None,592000000,9428000000,-186000000,1040000000,9352000000
2023-03-31,1801000000,3730000000,2984000000,1955000000,-248000000,1000000000,None,994000000,18000000,-53000000,18000000,53000000,3730000000,30000000,72000000,263000000,926000000,134000000,None,530000000,899000000,-248000000,974000000,792000000
2022-12-31,1620000000,3380000000,2793000000,1753000000,-449000000,1030000000,None,1036000000,20000000,-48000000,48000000,68000000,3380000000,44000000,74000000,260000000,2429000000,98000000,None,329000000,2561000000,-449000000,742000000,2331000000
2022-09-30,1829000000,5360000000,4791000000,2063000000,2317000000,983000000,526000000,2259000000,17000000,-53000000,53000000,53000000,5360000000,21000000,72000000,317000000,890000000,150000000,None,486000000,407000000,2317000000,1145000000,740000000
2022-06-30,1586000000,5018000000,4052000000,1879000000,-178000000,894000000,None,1144000000,11000000,-50000000,37000000,50000000,5018000000,29000000,77000000,270000000,1044000000,123000000,None,226000000,726000000,-178000000,1232000000,921000000
2022-03-31,1476000000,4791000000,3898000000,1815000000,-166000000,888000000,None,1059000000,4000000,-52000000,52000000,52000000,4791000000,25000000,79000000,221000000,754000000,80000000,None,428000000,639000000,-166000000,1094000000,674000000
2021-12-31,1415000000,4473000000,3671000000,1741000000,-218000000,849000000,None,1020000000,3000000,-38000000,3000000,41000000,4473000000,26000000,84000000,231000000,1092000000,196000000,None,746000000,846000000,-218000000,1456000000,896000000
2021-09-30,1996000000,4947000000,4514000000,-520000000,1996000000,369000000,None,2048000000,3000000,-39000000,39000000,39000000,4947000000,31000000,-39000000,249000000,585000000,-85000000,None,-239000000,1105000000,1996000000,1155000000,670000000
2021-06-30,1982000000,4697000000,3816000000,2715000000,-220000000,1073000000,None,1101000000,3000000,-37000000,3000000,40000000,4697000000,14000000,123000000,71000000,778000000,151000000,None,633000000,642000000,-220000000,937000000,627000000
2021-03-31,1862000000,4462000000,3640000000,2569000000,-249000000,1054000000,None,1071000000,4000000,-38000000,38000000,42000000,4462000000,58000000,122000000,239000000,730000000,169000000,None,568000000,569000000,-249000000,1035000000,561000000
2020-12-31,1723000000,4161000000,3502000000,2438000000,-405000000,998000000,None,1064000000,2000000,-40000000,2000000,40000000,4161000000,22000000,124000000,244000000,556000000,111000000,None,452000000,692000000,-405000000,913000000,445000000
2020-09-30,1882000000,4558000000,4059000000,2676000000,1882000000,946000000,None,1822000000,3000000,-40000000,40000000,40000000,4558000000,6000000,None,223000000,758000000,35000000,None,1882000000,845000000,1882000000,1028000000,723000000
2020-06-30,1618000000,3914000000,3318000000,2296000000,-426000000,934000000,None,1022000000,4000000,-45000000,4000000,45000000,3914000000,-33000000,None,209000000,450000000,51000000,None,407000000,603000000,-426000000,800000000,399000000
2020-03-31,1750000000,4162000000,3426000000,2412000000,-278000000,983000000,None,1014000000,6000000,-36000000,6000000,42000000,4162000000,-48000000,None,211000000,682000000,165000000,None,524000000,190000000,-278000000,950000000,517000000
2019-12-31,1759000000,4151000000,3612000000,2392000000,-681000000,1123000000,None,1220000000,6000000,-35000000,6000000,35000000,4151000000,9000000,None,211000000,420000000,94000000,None,329000000,472000000,-681000000,766000000,326000000
2019-09-30,2128000000,4971000000,4366000000,2843000000,2128000000,1109000000,None,1977000000,8000000,-40000000,40000000,40000000,4971000000,53000000,None,213000000,819000000,102000000,None,702000000,11000000,2128000000,1134000000,717000000
2019-06-30,2001000000,4684000000,3829000000,2683000000,-291000000,1126000000,None,1146000000,7000000,-43000000,45000000,43000000,4684000000,-15000000,None,203000000,759000000,155000000,None,612000000,516000000,-291000000,1033000000,604000000
2019-03-31,1925000000,4570000000,3800000000,2645000000,-385000000,1145000000,None,1155000000,7000000,-48000000,49000000,55000000,4570000000,-13000000,None,204000000,670000000,150000000,None,525000000,644000000,-385000000,944000000,520000000
2018-12-31,1761000000,4147000000,3473000000,2386000000,-413000000,1077000000,None,1087000000,5000000,None,None,43000000,4147000000,17000000,None,202000000,589000000,124000000,None,467000000,428000000,-413000000,846000000,465000000
2018-09-30,2059000000,4888000000,4344000000,2829000000,2065000000,1181000000,436000000,1957000000,8000000,None,None,89000000,4888000000,-10000000,None,201000000,733000000,116000000,None,617000000,694000000,2065000000,1055000000,617000000
2018-06-30,1942000000,4456000000,3575000000,2514000000,-187000000,1058000000,None,1068000000,10000000,None,None,39000000,4456000000,-16000000,None,179000000,761000000,49000000,None,712000000,447000000,-187000000,986000000,712000000
2018-03-31,1817000000,4248000000,3464000000,2431000000,-257000000,1035000000,None,1041000000,14000000,None,None,50000000,4248000000,-28000000,None,191000000,651000000,169000000,None,482000000,647000000,-257000000,908000000,482000000
2017-12-31,1614000000,3816000000,3202000000,2202000000,-393000000,995000000,None,1007000000,11000000,None,None,49000000,3816000000,-7000000,None,187000000,501000000,109000000,None,392000000,419000000,-393000000,775000000,392000000
2017-09-30,1804000000,4435000000,3883000000,2604000000,1804000000,986000000,340000000,1582000000,11000000,None,None,50000000,None,-36000000,None,182000000,687000000,183000000,None,496000000,1060000000,1804000000,970000000,504000000
2017-06-30,1678000000,4039000000,3313000000,2361000000,-226000000,931000000,None,952000000,10000000,None,None,49000000,None,-25000000,None,171000000,615000000,202000000,None,407000000,528000000,-226000000,905000000,413000000
2017-03-31,1557000000,3574000000,2898000000,2017000000,-218000000,868000000,None,894000000,9000000,None,None,50000000,None,-49000000,None,140000000,473000000,181000000,None,376000000,632000000,-218000000,821000000,292000000
2016-12-31,1365000000,3229000000,2684000000,1851000000,-288000000,822000000,None,833000000,6000000,None,None,52000000,13000000,0,None,143000000,403000000,94000000,None,364000000,278000000,-288000000,675000000,309000000
2016-09-30,1713000000,3932000000,-483000000,2219000000,1713000000,855000000,320000000,367000000,3000000,None,None,54000000,0,-52000000,None,-21000000,626000000,188000000,None,479000000,3000000,1713000000,923000000,438000000
2016-06-30,1593000000,5126000000,4250000000,2081000000,-342000000,852000000,None,1218000000,8000000,None,None,53000000,0,-4000000,None,192000000,684000000,205000000,None,441000000,497000000,-342000000,1050000000,479000000
2016-03-31,1542000000,4928000000,4167000000,2037000000,-472000000,878000000,None,1233000000,8000000,None,None,54000000,0,-33000000,None,195000000,546000000,177000000,None,367000000,525000000,-472000000,941000000,369000000
2015-12-31,1414000000,4713000000,4063000000,1923000000,-589000000,879000000,None,1239000000,8000000,None,None,54000000,-21000000,-25000000,None,202000000,476000000,127000000,None,303000000,228000000,-589000000,822000000,349000000
2015-09-30,1823000000,5814000000,5061000000,-569000000,2368000000,-264000000,506000000,2014000000,4000000,None,None,49000000,107000000,-25000000,None,202000000,832000000,184000000,None,627000000,87000000,2368000000,1102000000,648000000
2015-06-30,1759000000,5503000000,4581000000,3269000000,-390000000,1276000000,None,1312000000,9000000,None,None,49000000,0,-34000000,None,201000000,786000000,222000000,None,502000000,781000000,-390000000,1071000000,564000000
2015-03-31,1686000000,6332000000,4596000000,3234000000,374000000,1318000000,None,430000000,9000000,None,None,49000000,932000000,-39000000,None,205000000,1598000000,625000000,None,936000000,575000000,374000000,24000000,973000000
2014-12-31,1740000000,5587000000,4721000000,3307000000,-548000000,1405000000,None,1414000000,7000000,None,None,53000000,0,0,None,207000000,761000000,236000000,None,452000000,225000000,-548000000,1012000000,525000000
2014-09-30,2889000000,6807000000,6202000000,-490000000,2889000000,-98000000,541000000,2825000000,6000000,None,None,53000000,0,36000000,None,208000000,600000000,190000000,None,432000000,-113000000,2889000000,2079000000,410000000
2014-06-30,2638000000,6312000000,5109000000,3674000000,-232000000,1424000000,None,1435000000,7000000,None,None,53000000,0,-30000000,None,204000000,1062000000,334000000,None,738000000,804000000,-232000000,1352000000,728000000
2014-03-31,2395000000,5798000000,4832000000,3417000000,-449000000,1394000000,None,1415000000,4000000,None,None,51000000,-14000000,-58000000,None,210000000,810000000,263000000,None,554000000,557000000,-449000000,1132000000,547000000
2013-12-31,2236000000,5606000000,4827000000,3370000000,-678000000,1444000000,None,1457000000,7000000,None,None,61000000,14000000,-25000000,None,209000000,628000000,166000000,None,477000000,505000000,-678000000,931000000,462000000
2013-09-30,2804000000,6812000000,5776000000,4008000000,2804000000,1432000000,576000000,2758000000,4000000,None,None,60000000,None,-43000000,None,207000000,1168000000,373000000,None,795000000,1351000000,2804000000,1537000000,795000000
2013-06-30,2568000000,6344000000,5708000000,3776000000,-1296000000,1396000000,None,1932000000,5000000,None,None,56000000,None,-21000000,None,201000000,491000000,297000000,None,194000000,157000000,-1296000000,1790000000,194000000
2013-03-31,2373000000,5960000000,5029000000,3587000000,-511000000,1426000000,None,1442000000,3000000,None,None,60000000,21000000,11000000,None,205000000,814000000,253000000,None,561000000,470000000,-511000000,1082000000,561000000
2012-12-31,2207000000,5553000000,4756000000,3346000000,-613000000,1394000000,None,1410000000,4000000,None,None,58000000,None,-11000000,None,206000000,661000000,207000000,None,454000000,568000000,-613000000,944000000,454000000
2012-09-30,2749000000,6700000000,6276000000,3951000000,2749000000,1385000000,547000000,3367000000,3000000,None,None,57000000,None,-33000000,None,206000000,575000000,293000000,None,282000000,236000000,2749000000,1570000000,282000000
2012-06-30,2628000000,6484000000,5229000000,3856000000,-118000000,1338000000,None,1373000000,5000000,None,None,51000000,None,-25000000,None,211000000,1138000000,368000000,None,770000000,526000000,-118000000,1452000000,770000000
2012-03-31,2336000000,5919000000,4973000000,3583000000,-444000000,1359000000,None,1390000000,5000000,None,None,58000000,None,-22000000,None,202000000,803000000,258000000,None,545000000,706000000,-444000000,1074000000,545000000
2011-12-31,2055000000,5309000000,4631000000,3254000000,-699000000,1354000000,None,1377000000,4000000,None,None,58000000,None,-11000000,None,204000000,543000000,172000000,None,371000000,331000000,-699000000,815000000,371000000
2011-09-30,2590000000,6545000000,5685000000,3955000000,2590000000,1339000000,555000000,2778000000,6000000,None,None,44000000,None,1000000,None,217000000,1106000000,345000000,None,735000000,273000000,2590000000,1354000000,761000000
2011-06-30,2498000000,6288000000,5174000000,3790000000,-270000000,1363000000,None,1384000000,6000000,None,None,70000000,None,-2000000,None,215000000,977000000,294000000,None,683000000,759000000,-270000000,1263000000,683000000
2011-03-31,2306000000,5854000000,4879000000,3548000000,-356000000,1315000000,None,1331000000,6000000,None,None,63000000,None,-40000000,None,216000000,822000000,266000000,None,556000000,838000000,-356000000,1106000000,556000000
2010-12-31,2163000000,5535000000,4700000000,3372000000,-493000000,1311000000,None,1328000000,5000000,None,None,61000000,None,3000000,None,219000000,702000000,222000000,None,480000000,474000000,-493000000,993000000,480000000
2010-09-30,2331000000,5243000000,4666000000,3510000000,2331000000,1312000000,473000000,2461000000,5000000,None,None,84000000,None,-40000000,None,378000000,1003000000,254000000,None,572000000,749000000,2331000000,2709000000,749000000
2010-06-30,2164000000,5641000000,4607000000,3253000000,-143000000,1168000000,None,1177000000,5000000,None,None,81000000,None,2000000,None,-44000000,851000000,266000000,None,581000000,351000000,-143000000,-187000000,585000000
2010-03-31,1963000000,5144000000,4374000000,2990000000,-460000000,1203000000,None,1230000000,6000000,None,None,67000000,None,-10000000,None,401999804,585000000,180000000,None,408000000,313000000,-460000000,1079999804,405000000
2009-12-31,1868000000,5011000000,4269000000,2960000000,-419000000,1134000000,None,1161000000,3000000,None,None,65,None,-23000000,None,196,573000000,148000000,None,417000000,455000000,-419000000,845,425000000
2009-09-30,1996000000,5130000000,4425000000,2620000000,1996000000,1015000000,460000000,1131000000,5000000,None,None,87000000,None,-209000000,None,262000000,653000000,147000000,None,504000000,506000000,1996000000,2258000000,506000000
2009-06-30,1802000000,5091000000,4342000000,3253000000,-340000000,1089000000,None,1089000000,3000000,None,None,64000000,None,23000000,None,-31000000,542000000,155000000,None,383000000,684000000,-340000000,-371000000,387000000
2009-03-31,1804000000,5087000000,3250000000,3250000000,547000000,1119000000,None,1240000000,None,None,None,50000000,None,None,None,182000000,549000000,176000000,None,372000000,None,597000000,779000000,373000000
2008-12-31,1958000000,5415000000,3419000000,3419000000,780000000,1193000000,None,1216000000,None,None,None,43000000,None,None,None,176000000,668000000,210000000,None,456000000,None,848000000,1024000000,458000000
2008-09-30,2474000000,6696000000,4222000000,3367000000,1152000000,1158000000,458000000,1322000000,None,None,None,56000000,None,None,None,177000000,986000000,298000000,None,682000000,None,1263000000,1440000000,688000000
2008-06-30,2413000000,6568000000,4155000000,4155000000,1072000000,1321000000,None,1341000000,None,None,None,61000000,None,None,None,180000000,911000000,299000000,None,647000000,None,1152000000,1332000000,612000000
