fiscalDateEnding,grossProfit,totalRevenue,costOfRevenue,costofGoodsAndServicesSold,operatingIncome,sellingGeneralAndAdministrative,researchAndDevelopment,operatingExpenses,investmentIncomeNet,netInterestIncome,interestIncome,interestExpense,nonInterestIncome,otherNonOperatingIncome,depreciation,depreciationAndAmortization,incomeBeforeTax,incomeTaxExpense,interestAndDebtExpense,netIncomeFromContinuingOperations,comprehensiveIncomeNetOfTax,ebit,ebitda,netIncome
2024-03-31,2074655000,5765941000,5457555000,3708976000,319865000,1574927000,None,1754790000,None,-17690000,None,17690000,5783631000,23006000,None,90610000,325181000,76287000,17690000,248894000,171862000,342871000,433481000,248894000
2023-12-31,2033287000,5570561000,5163625000,3552597000,418690000,1522447000,None,1614597000,None,-15323000,None,15323000,5585884000,15426000,None,88581000,418793000,101918000,15323000,316875000,427265000,434116000,522697000,316875000
2023-09-30,2109241000,5808775000,5351020000,3715361000,465165000,1551799000,None,1644076000,None,-15827000,15827000,15827000,5824602000,15722000,None,83860000,465060000,113862000,15827000,351198000,275793000,480887000,564747000,351198000
2023-06-30,2134743000,5898551000,5452789000,3780263000,453895000,1581653000,None,1680848000,None,-16455000,16455000,16455000,5915006000,16649000,None,90873000,454089000,109595000,16455000,344494000,339438000,470544000,561417000,344494000
2023-03-31,2013401000,5748254000,5350176000,3751717000,409303000,1511244000,None,1604098000,None,-16864000,16864000,16864000,5765118000,11967000,None,87215000,404406000,100449000,16864000,303957000,329698000,421270000,508485000,303957000
2022-12-31,1973691000,5610884000,5250440000,3549959000,347559000,1531883000,None,1626132000,None,-15569000,15569000,15569000,5523650000,5393000,None,87997000,337383000,85407000,15569000,251976000,293750000,352952000,440949000,251976000
2022-09-30,1979667000,5657054000,5240588000,3695607000,428540000,1458418000,None,1551127000,None,-18220000,18220000,18220000,5675274000,7616000,None,86563000,417936000,105578000,18220000,312358000,191270000,436156000,522719000,312358000
2022-06-30,1960799000,5684969000,5091520000,3641615000,507995000,1364015000,None,1452804000,None,-20248000,20248000,20248000,5602414000,3820000,None,85890000,491567000,119038000,20248000,372529000,224178000,511815000,597705000,372529000
2022-03-31,1825947000,5274785000,4960036000,3468688000,330105000,1403979000,None,1495842000,None,-19850000,19850000,19850000,5294635000,15461000,None,87369000,325716000,79878000,19850000,245838000,298700000,345566000,432935000,245838000
2021-12-31,1693449000,4803209000,4465274000,3109760000,1693449000,1279265000,None,1355368000,None,-12023000,2274000,14297000,4803209000,22122000,None,72594000,345906000,89907000,12023000,255999000,1693449000,360203000,432797000,255999000
2021-09-30,1710767000,4803891000,4518971000,3108082000,295594000,1338768000,None,1415173000,None,-14958000,-791000,14167000,4818849000,17547000,None,72121000,298974000,70389000,14958000,228585000,159053000,313141000,385262000,228585000
2021-06-30,1689105000,4767631000,4517902000,3094633000,260799000,1349309000,None,1428306000,None,-16107000,-745000,15362000,4783738000,24170000,None,73960000,269607000,73111000,16107000,196496000,216702000,284969000,358929000,196496000
2021-03-31,1540815000,4445652000,4191359000,2923899000,268446000,1195164000,None,1272369000,None,-19062000,-738000,18324000,4464714000,35737000,None,72296000,285859000,68149000,19062000,217710000,230452000,304183000,376479000,217710000
2020-12-31,1448110000,4251594000,4056366000,2803484000,1448110000,1132297000,None,1213190000,None,-21495000,-2665000,18830000,4251594000,9456000,None,69758000,225118000,53914000,21495000,171632000,1448110000,243948000,313706000,171204000
2020-09-30,1528066000,4344298000,4062241000,2842020000,302212000,1140156000,None,1225854000,None,-25788000,25788000,25788000,4370086000,21241000,None,69097000,292278000,64747000,25788000,232918000,273331000,318066000,387163000,227531000
2020-06-30,1290487000,3797762000,4102842000,2532740000,-290915000,971589000,None,1581402000,None,-25465000,25465000,25465000,3823227000,11944000,None,66733000,-505307000,59065000,25465000,-363501000,-443415000,-479842000,-413109000,-564372000
2020-03-31,1388178000,4538563000,4363366000,2704348000,188866000,1142697000,None,1219452000,None,-20969000,-4000,20965000,4559532000,12832000,None,67254000,174782000,38247000,20969000,122346000,-55486000,195747000,263001000,136535000
2019-12-31,1478948000,4279890000,4640817000,2800942000,1478948000,1163196000,None,1336960000,None,-22047000,-4209000,17838000,4279890000,19797000,None,70295000,31092000,22174000,22047000,79016000,1478948000,48930000,119225000,8918000
2019-09-30,1505233000,4988538000,4729412000,3020051000,283918000,1175699000,None,1242558000,None,-26485000,-34000,26451000,5015023000,47655000,None,65667000,299110000,71623000,26485000,212256000,154086000,325561000,391228000,227487000
2019-06-30,1482704000,4910964000,4618746000,2975227000,309552000,1127296000,None,1195493000,None,-23296000,-34000,23262000,4934260000,18250000,None,62684000,297110000,72680000,23296000,209519000,219238000,320372000,383056000,224430000
2019-03-31,1392798000,4685913000,4487862000,3228665000,245002000,1203905000,None,1269851000,None,-23883000,50920000,23883000,4709796000,-2922000,None,61977000,211512000,51262000,23883000,145684000,207867000,235395000,297372000,160250000
2018-12-31,1078127000,4575957000,4339408000,1622197000,579333000,839949000,None,894260000,None,-26256000,-129000,26127000,4602213000,15573000,None,49688000,234253000,47554000,26256000,125759000,33898000,260380000,310068000,186699000
2018-09-30,1484235000,4697838000,4419035000,3238687000,298948000,1119266000,None,1185287000,None,-25084000,None,25084000,4722922000,17871000,None,61082000,291735000,71508000,25084000,220227000,201300000,316819000,377901000,220227000
2018-06-30,1521586000,4795589000,4507147000,3300479000,311252000,1148217000,None,1210334000,None,-26476000,None,26476000,4822065000,15495000,None,58451000,300271000,73299000,26476000,226972000,102879000,326747000,385198000,226972000
2018-03-31,1435807000,9148479000,4342621000,3150487000,240972000,1133771000,None,1194835000,None,-24109000,None,24109000,4586294000,12456000,None,58363000,229319000,52743000,24109000,176576000,209910000,253428000,311791000,176576000
2017-12-31,1284075000,4183630000,4250772000,2923001000,472534000,1010434000,None,1065235000,None,-18223000,None,18223000,-12083685000,21384000,None,50051000,222001000,113818000,18223000,108183000,132525000,240224000,290275000,108183000
2017-09-30,1226890000,4095906000,3849551000,2869016000,246355000,931500000,None,975284000,None,-9038000,None,9038000,4095906000,3787000,None,40276000,246355000,87913000,9038000,158442000,202897000,255393000,295669000,158442000
2017-06-30,1239712000,4100178000,3803041000,2860466000,297137000,906943000,None,948721000,None,-7446000,None,7446000,4100178000,13592000,None,39232000,297137000,107165000,7446000,189972000,218852000,304583000,343815000,189972000
2017-03-31,1155721000,3905641000,3661866000,2749920000,243775000,877356000,None,918616000,None,-6779000,None,6779000,3905641000,13449000,None,38132000,243775000,83615000,6779000,160160000,222912000,250554000,288686000,160160000
2016-12-31,1131083000,3774218000,3766832000,2648982000,391282000,869748000,None,920503000,None,None,None,4794000,None,25652000,None,39240000,236286000,83766000,None,152520000,5009000,391282000,430522000,152520000
2016-09-30,1198601000,3941743000,3650386000,2743142000,291357000,869562000,None,907244000,None,None,None,5244000,None,None,None,37682000,291357000,106031000,None,185326000,201981000,291357000,329039000,185326000
2016-06-30,1165452000,3899638000,3599586000,2734186000,300052000,829489000,None,865400000,None,None,None,4665000,None,None,None,35911000,300052000,108683000,None,191369000,171723000,300052000,335963000,191369000
2016-03-31,1104471000,3718267000,3471622000,2613796000,284588000,823172000,None,857826000,None,None,None,4822000,None,None,None,34654000,246645000,88620000,None,158025000,226124000,284588000,319242000,158025000
2015-12-31,1095478000,3663317000,3677076000,2856312000,291103000,784853000,None,833137000,None,None,None,5606000,None,20929000,None,35911000,261608000,100335000,None,161273000,145241000,291103000,327014000,161273000
2015-09-30,1169225000,3921802000,3621227000,2752577000,348461000,834372000,None,868650000,None,None,None,5055000,None,None,None,34278000,300575000,112559000,None,188016000,82931000,348461000,382739000,188016000
2015-06-30,1178330000,3940401000,3630284000,2762071000,349388000,832610000,None,868213000,None,None,None,5674000,None,None,None,35603000,310117000,114744000,None,195373000,213554000,349388000,384991000,195373000
2015-03-31,1112819000,3736051000,3484670000,2623232000,290397000,825554000,None,861438000,None,None,None,5327000,None,None,None,35884000,251381000,90371000,None,161010000,53539000,290397000,326281000,161010000
2014-12-31,1146541000,3801085000,3738944000,2945913000,297044000,827868000,None,874750000,None,None,None,6375000,None,18601000,None,39690000,265304000,99745000,None,165559000,-107798000,297044000,336734000,165559000
2014-09-30,1183422000,3985909000,3713717000,2802487000,339604000,850156000,None,885139000,None,None,None,6283000,None,None,None,34983000,298283000,107767000,None,190516000,95077000,339604000,374587000,190516000
2014-06-30,1179168000,3908387000,3623062000,2729219000,349757000,832205000,None,868988000,None,None,None,6224000,None,None,None,36783000,310180000,112453000,None,197727000,240074000,349757000,386540000,197727000
2014-03-31,1084630000,3624897000,3404506000,2540267000,282635000,803802000,None,840658000,None,None,None,6206000,None,None,None,36856000,243972000,86488000,None,157484000,318861000,282635000,319491000,157484000
2013-12-31,1092141000,3495559000,3495495000,2675660000,270964000,806932000,None,851508000,None,None,None,8735000,None,13039000,None,35885000,235693000,85226000,None,-123652000,484931000,270964000,306849000,150467000
2013-09-30,1100923000,3685243000,3427475000,2584320000,300481000,793957000,None,829177000,None,None,None,7031000,None,None,None,35220000,271746000,98000000,None,271746000,366063000,300481000,335701000,173746000
2013-06-30,1105108000,3675997000,3375573000,2570889000,317262000,753527000,None,790380000,None,None,None,7852000,None,None,None,36853000,314728000,98371000,None,314728000,330425000,317262000,354115000,216357000
2013-03-31,921748000,3198802000,2994756000,2277054000,243581000,673612000,None,699611000,None,None,None,3353000,None,None,None,25999000,222137000,77748000,None,144389000,292336000,243581000,269580000,144389000
2012-12-31,910658000,3102427000,3028632000,2428308000,249437000,629432000,None,662533000,None,None,None,5777000,None,16183000,None,25054000,251926000,91701000,None,160225000,239803000,249437000,274491000,160225000
2012-09-30,976036000,3375778000,3116507000,2399742000,288766000,678894000,None,704503000,None,None,None,4971000,None,None,None,25609000,271533000,98590000,None,172943000,383485000,288766000,314375000,172943000
2012-06-30,972286000,3337836000,3089782000,2365550000,291575000,680246000,None,704981000,None,None,None,5019000,None,None,None,24735000,267305000,98687000,None,168618000,168618000,291575000,316310000,168618000
2012-03-31,919111000,3181288000,2968607000,2262177000,248370000,667958000,None,690943000,None,None,None,4715000,None,None,None,22985000,228168000,81913000,None,146255000,155090000,248370000,271355000,146255000
2011-12-31,892600000,2990111000,2909936000,2311535000,227450000,628501000,None,663747000,None,None,None,27036000,None,8358000,None,21998000,210175000,75218000,None,134957000,322663000,227450000,249448000,134957000
2011-09-30,948532000,3285560000,3061882000,2337028000,276766000,679967000,None,701432000,None,None,None,6244000,None,None,None,21465000,247100000,95268000,None,151832000,151832000,276766000,298231000,151832000
2011-06-30,916114000,3184984000,2943433000,2268870000,264623000,651635000,None,674563000,None,None,None,6236000,None,None,None,22928000,241551000,89739000,None,151812000,315212000,264623000,287551000,151812000
2011-03-31,848794000,2974198000,2782218000,2125404000,211382000,634269000,None,656814000,None,None,None,6500000,None,None,None,22545000,191980000,65465000,None,126515000,281353000,211382000,233927000,126515000
2010-12-31,817128000,2779667000,2736180000,2140600000,202749000,573670000,None,606177000,None,None,None,21499000,None,44743000,None,21910000,186386000,67736000,None,118650000,207450000,202749000,224659000,118650000
2010-09-30,853031000,2950560000,2738071000,2097529000,231965000,618449000,None,640542000,None,None,None,6562000,None,-12914000,None,22093000,212489000,80704000,None,131785000,303585000,231965000,254058000,131785000
2010-06-30,822310000,2840493000,2646393000,2024876000,200793000,598331000,None,621517000,None,-6693000,None,6693000,None,-16056000,None,23186000,200793000,76326000,6693000,124467000,223967000,200793000,223979000,124467000
2010-03-31,760475000,2602115000,2440000000,1841640000,162115000,576217000,None,598360000,None,-6733000,None,6733000,None,-12277000,None,22143000,162115000,61506000,6733000,100609000,100609000,168848000,190991000,100609000
2009-12-31,767460000,2443329000,2253222000,1703754000,220232000,526551000,None,577931000,None,None,None,20789000,None,30836000,None,22917000,162741000,63574000,None,127066000,667407000,220232000,243149000,99167000
2009-09-30,765246000,2606757000,2436051000,1841511000,170706000,571978000,None,594540000,None,None,None,6662000,None,-356000,None,22562000,170706000,63067000,None,107639000,107639000,170706000,193268000,107639000
2009-06-30,744855000,2535045000,2368995000,1790190000,166050000,556394000,None,578805000,None,-6752000,None,6752000,None,-15169000,None,22411000,166050000,62440000,6752000,103610000,103610000,172802000,195213000,103610000
