fiscalDateEnding,grossProfit,totalRevenue,costOfRevenue,costofGoodsAndServicesSold,operatingIncome,sellingGeneralAndAdministrative,researchAndDevelopment,operatingExpenses,investmentIncomeNet,netInterestIncome,interestIncome,interestExpense,nonInterestIncome,otherNonOperatingIncome,depreciation,depreciationAndAmortization,incomeBeforeTax,incomeTaxExpense,interestAndDebtExpense,netIncomeFromContinuingOperations,comprehensiveIncomeNetOfTax,ebit,ebitda,netIncome
2023-12-31,3513633000,19287942000,15774309000,15803309000,700043000,None,None,2813590000,None,-149680000,-145117000,4563000,19287942000,None,None,249784000,545118000,129876000,4563000,415242000,552289000,700043000,966337000,415242000
2023-09-30,3647772000,19620454000,15972682000,15972682000,803582000,None,None,2844190000,None,-134334000,-129780000,4554000,19620454000,None,None,206007000,662608000,159216000,4554000,503392000,429182000,803582000,10024949000,503392000
2023-06-30,3685166000,19728216000,16043050000,16043050000,969397000,1369014000,None,2715769000,None,-135629000,135629000,135629000,19728216000,124172000,None,229773000,957940000,224204000,None,733736000,762031000,969397000,1323342000,733736000
2023-03-31,3431360000,18875676000,15444316000,15444316000,694177000,None,None,2737183000,None,-134931000,134931000,134931000,18875676000,-5209000,None,218862000,554037000,124433000,None,429604000,473507000,694177000,913039000,429604000
2022-12-31,3349616000,18593953000,15244337000,15244337000,640823000,None,None,2708793000,None,-132042000,-127162000,4880000,18593953000,-330124000,None,218367000,178476000,37260000,4880000,141216000,527753000,640642000,528885000,141216000
2022-09-30,3488855000,19126830000,15637975000,15637975000,736801000,None,None,2752054000,None,-124150000,-118715000,5435000,19126830000,-15281000,None,201185000,594902000,129334000,5435000,465568000,236297000,736801000,935518000,465568000
2022-06-30,3444272000,18957258000,15512986000,15512986000,766715000,1303582000,None,2677557000,None,-128512000,-115861000,12651000,18957258000,3676000,None,230587000,641879000,131890000,12651000,509989000,326939000,766715000,997302000,509989000
2022-03-31,3013394000,16902139000,13888745000,13888745000,495729000,None,None,2517665000,None,-124018000,-118872000,5146000,16902139000,13777000,None,235180000,385488000,82163000,5146000,303325000,240579000,495729000,730909000,303325000
2021-12-31,2891150000,16320203000,13429053000,13429053000,444909000,None,None,2446241000,None,-242899000,-237462000,5437000,16204603000,10676000,None,217932000,212686000,45245000,115600000,167441000,149120000,444909000,455585000,167441000
2021-09-30,2971708000,16456546000,13484838000,13484838000,631682000,None,None,2340026000,None,-128214000,-122637000,5577000,16456546000,3252000,None,214687000,506720000,128707000,5577000,378013000,308840000,631682000,849621000,378013000
2021-06-30,2915778000,16136893000,13221115000,13221115000,569684000,None,None,2346094000,None,-441149000,-430695000,10454000,15843093000,13483000,None,227937000,142018000,-9075000,304351000,151093000,354775000,569684000,811104000,151093000
2021-03-31,2122668000,11824589000,9701921000,9701921000,235917000,None,None,1886751000,None,-145773000,-139234000,6539000,11824589000,12708000,None,203322000,102852000,13925000,6539000,88927000,124650000,235917000,451947000,88927000
2020-12-31,2098458000,11558982000,9460524000,9460524000,212062000,None,None,1886396000,None,-146498000,-140106000,6392000,11558982000,15556000,None,212664000,81120000,13831000,6392000,67289000,291506000,212062000,440282000,67289000
2020-09-30,2219845000,11777379000,9557534000,9557534000,419579000,37183000,None,1800266000,None,-146717000,-140163000,6554000,11765336000,-14124000,None,207899000,258738000,41838000,6554000,216900000,315395000,419579000,613354000,216900000
2020-06-30,1565655000,8866564000,7300909000,7300909000,-531580000,32335000,None,2097235000,None,-164269000,-155641000,8628000,8866564000,-40396000,None,778152000,-736245000,-117826000,8628000,-618419000,-663778000,-531580000,50535000,-618419000
2020-03-31,2564240000,13698699000,11134459000,11134459000,60274000,37183000,None,2503966000,None,-83854000,-82808000,1046000,13698699000,-5200000,None,8657000,-28780000,-25483000,1046000,-3297000,-102490000,60274000,-19077000,-3297000
2019-12-31,2828399000,15025042000,12196643000,12196643000,552493000,41170000,None,2275906000,None,-76762000,-75535000,1227000,15025042000,807000,None,10343000,476538000,93128000,1227000,383410000,492500000,552493000,488108000,383410000
2019-09-30,2943370000,15303005000,12359635000,12359635000,668318000,33789000,None,2275052000,None,-83335000,-77233000,6102000,15303005000,-3112000,None,8613000,581871000,128090000,6102000,453781000,378080000,668318000,596586000,453781000
2019-06-30,2979192000,15474862000,12495670000,12495670000,720530000,2184102000,None,2258662000,None,-89780000,-84642000,5138000,15541162000,51558000,None,187339000,682308000,146542000,5138000,535766000,383811000,720530000,959427000,535766000
2019-03-31,2754298000,14658074000,11903776000,11903776000,529585000,2162947000,None,2224713000,None,-94514000,-89084000,5430000,14658074000,-4120000,None,184183000,430951000,-9132000,5430000,440083000,481021000,529585000,709648000,440083000
2018-12-31,2771712000,14765707000,11993995000,11993995000,451895000,2197212000,None,2319817000,None,-87113000,-82469000,4644000,14765707000,-10197000,None,204786000,354585000,87205000,4644000,267380000,193800000,451895000,646484000,267380000
2018-09-30,2903785000,15215279000,12311494000,12311494000,628140000,2243945000,None,2275645000,None,-89016000,-82846000,6170000,15215279000,-1132000,None,187627000,537992000,106950000,6170000,431042000,389468000,628140000,814635000,431042000
2018-06-30,2916709000,15315906000,12399197000,12399197000,683936000,2146496000,None,2232773000,None,-92468000,-85089000,7379000,15315906000,-2043000,None,201766000,593156000,144228000,7383000,448928000,300000000,683936000,887390000,448928000
2018-03-31,2675628000,14349504000,11673876000,11673876000,482203000,2161553000,None,2193425000,None,-136145000,-129445000,6700000,53100000,15096000,None,193416000,364884000,34799000,-53100000,330085000,370600000,482203000,694445000,330085000
2017-12-31,2699386000,14411490000,11712104000,11712104000,528552000,2140737000,None,2170834000,None,-85986000,-78783000,7203000,14411490000,5432000,None,190654000,451728000,167615000,7203000,284113000,310700000,528552000,728368000,284113000
2017-09-30,2793668000,14650424000,11856756000,11856756000,619365000,2150018000,None,2174303000,None,-80884000,-73692000,7192000,14650424000,4248000,None,179662000,546456000,178816000,7192000,367640000,487800000,619365000,807002000,367640000
2017-06-30,2759590000,14345025000,11585435000,11661455000,557959000,2174158000,None,2201631000,None,-76020000,-69324000,6696000,0,1586000,None,234717000,483525000,178354000,6696000,305171000,547871000,557959000,794262000,305171000
2017-03-31,2534135000,13443168000,10909033000,10990037000,435962000,2074135000,None,2098173000,None,-81004000,-68991000,12013000,0,4815000,None,218316000,359773000,121495000,12013000,238278000,315400000,435962000,659093000,238278000
2016-12-31,2571863000,13385037000,10813174000,10885405000,492417000,2060462000,None,2079446000,None,-72231000,-65648000,6583000,None,2320000,None,237274000,422506000,147339000,6583000,275167000,127511000,492417000,732011000,275167000
2016-09-30,2691919000,13895031000,11203112000,11276735000,566833000,2109800000,None,2125086000,None,-73623000,-67063000,6560000,None,7216000,None,211685000,500426000,176539000,6560000,323887000,247100000,566833000,785734000,323887000
2016-06-30,2502838000,13573586000,3362710000,11145053000,546825000,1874580000,None,1956013000,None,-74305000,-63256000,11049000,-101228000,-141303000,None,202046000,331217000,115550000,11049000,215667000,-154400000,546825000,607568000,215667000
2016-03-31,2142825000,11945092000,9802267000,9859966000,377618000,1705178000,None,1765207000,None,-57699000,-35248000,22451000,0,6952000,None,179264000,326871000,109735000,22451000,217136000,274268000,377618000,563834000,217136000
2015-12-31,2156814000,12106391000,9949577000,9996812000,432583000,1719950000,None,1724231000,None,-47235000,-39759000,7476000,0,7764000,None,145439000,393112000,120713000,7476000,272399000,234761000,432583000,585786000,272399000
2015-09-30,2237995000,12349244000,10111249000,10324616000,493474000,1731516000,None,1744521000,None,-126907000,-120746000,6161000,-86460000,15240000,None,135961000,381807000,137387000,92621000,244420000,160100000,493474000,644675000,244420000
2015-06-30,2220164000,12324657000,2974765000,10181774000,120995000,1712611000,None,2099169000,None,-77281000,-72495000,4786000,0,25034000,None,117122000,68748000,-4278000,4786000,73026000,69969000,120995000,263151000,73026000
2015-03-31,2057498000,11677109000,141100000,9689161000,327308000,1680580000,None,1730190000,None,-69550000,-65637000,3913000,0,8577000,None,141100000,266335000,89380000,3913000,176955000,85471000,327308000,476985000,176955000
2014-12-31,2085137000,12010032000,157000000,10001937000,315446000,1690620000,None,1769691000,None,-77042000,-60701000,16341000,0,-2207000,None,157000000,236197000,78218000,16341000,157979000,72495000,315446000,470239000,157979000
2014-09-30,2188717000,12414147000,137799000,10256364000,465613000,1681473000,None,1723104000,None,-30934000,-27131000,3803000,0,2188000,None,137799000,436867000,158054000,3803000,278813000,178304000,465613000,605600000,278813000
2014-06-30,2155856000,12255787000,2759390000,10131136000,424522000,1675580000,None,1731334000,None,-31205000,None,31205000,None,7216000,None,146990000,400533000,146362000,None,254171000,128423000,424522000,578728000,254171000
2014-03-31,1994741000,11245260000,137925000,9282743000,332625000,1607904000,None,1662116000,None,-32224000,None,32224000,None,-3718000,None,137925000,296683000,115746000,None,180937000,110432000,332625000,466832000,180937000
2013-12-31,1964951000,11208185000,137403000,9273018000,351777000,1583211000,None,1613174000,None,-29784000,None,29784000,None,4211000,None,137403000,326204000,115369000,None,210835000,176219000,351777000,493391000,210835000
2013-09-30,2065487000,11683739000,133744000,9648780000,478198000,1586034000,None,1587289000,None,-30528000,None,30528000,None,4534000,None,133744000,452204000,166614000,30528000,285590000,320726000,478198000,616476000,285590000
2013-06-30,2072220000,11569886000,2672150000,9564894000,459843000,1602326000,None,1612377000,None,-31170000,None,31170000,None,9832000,None,132550000,438505000,155462000,31170000,283043000,456826000,459843000,602225000,283043000
2013-03-31,1942482000,10892156000,130405000,9016052000,337202000,1599550000,None,1605280000,None,-34215000,None,34215000,None,3410000,None,130405000,306397000,104980000,34215000,201417000,186406000,337202000,471017000,201417000
2012-12-31,1952110000,10764648000,128929000,8879324000,382651000,1555995000,None,1569459000,None,-32242000,None,32242000,None,1753000,None,128929000,352162000,130793000,32242000,221369000,229635000,382651000,513333000,221369000
2012-09-30,2029795000,11056048000,120664000,9083372000,478782000,1550625000,None,1551013000,None,-30868000,None,30868000,None,2477000,None,120664000,450391000,163793000,30868000,286598000,335489000,478782000,601923000,286598000
2012-06-30,2011711000,11018074000,2508177000,9033671000,515464000,1489832000,None,1496247000,None,-27308000,None,27308000,None,None,None,111977000,489452000,180183000,27308000,309269000,-66974000,515464000,628737000,309269000
2012-03-31,1871616000,10476456000,104242000,8633130000,438830000,1432786000,None,1432786000,None,-28290000,None,28290000,None,2248000,None,104242000,412788000,153238000,28290000,259550000,296492000,438830000,543072000,259550000
2011-12-31,1845650000,10216097000,101083000,8398771000,426998000,1418652000,None,1418652000,None,-28324000,None,28324000,None,3472000,None,101083000,402146000,152033000,28324000,250113000,278655000,426998000,528081000,250113000
2011-09-30,1947600000,10556916000,99641000,8638790000,509340000,1438260000,None,1438260000,None,-29474000,None,29474000,None,-250000,None,99641000,479616000,176963000,29474000,302653000,210504000,509090000,608981000,302653000
2011-06-30,1954392000,10395569000,2326381000,8488776000,560750000,1393642000,None,1393642000,None,-30134000,None,30134000,None,4278000,None,104281000,534894000,198584000,30134000,336310000,406412000,565028000,665031000,336310000
2011-03-31,1832549000,9732688000,100077000,7950800000,427487000,1405062000,None,1405062000,None,-28972000,None,28972000,None,6957000,None,100077000,405472000,146994000,28972000,258478000,315839000,434444000,427487000,258478000
2011-12-31,1761667000,9356792000,96516000,8398771000,437025000,1418652000,None,1324642000,None,-28060000,None,28060000,None,3472000,None,101083000,410265000,152092000,28060000,258173000,286517000,438325000,528081000,258173000
2010-09-30,1846104000,9720173000,101714000,7919857000,506240000,1339864000,None,1339864000,None,-31101000,None,31101000,None,1684000,None,101714000,476823000,177754000,31101000,299069000,363555000,507924000,607954000,299069000
2010-06-30,1981868000,10315976000,-19276124000,-19666100000,584086000,1397782000,None,1397782000,None,-32501000,None,32501000,None,-912000,None,105763000,548661000,210880000,32501000,337781000,25357000,581162000,689849000,337781000
2010-03-31,1683372000,8917439000,7261721000,7261721000,432103000,1251269000,None,1251269000,None,-27654000,None,27654000,None,-1028000,None,94785000,403421000,155773000,27654000,247648000,259916000,431075000,526888000,247648000
2009-12-31,1694887000,8836977000,7173612000,7173612000,462351000,1232536000,None,1232536000,None,-31522000,None,31522000,None,1138000,None,95522000,431967000,163618000,31522000,268349000,322186000,463489000,557873000,268349000
2009-09-30,1747359000,9081426000,7334067000,7334067000,497328000,1250031000,None,1250031000,None,None,None,33800000,None,None,None,93906000,465540000,139335000,None,326205000,370259000,499340000,591234000,326205000
2009-06-30,1762586000,9086748000,7324162000,7324162000,540272000,1222314000,None,1222314000,None,None,None,33279000,None,None,None,98186000,510388000,195074000,None,None,237741000,543667000,638458000,315314000
2009-03-31,1637076000,8739350000,7102274000,7102274000,405323000,1231753000,None,1231753000,None,None,None,28233000,None,None,None,93544000,380604000,154438000,None,None,223040000,408837000,498867000,226166000
2008-12-31,1750113000,9149803000,7399690000,7399690000,421864000,1328249000,None,1328249000,None,None,None,28400000,None,None,None,96258000,398687000,161033000,None,None,138675000,427087000,512899000,237654000
2008-09-30,1886556000,9877429000,7990873000,7990873000,504752000,1381804000,None,1381804000,None,None,None,26410000,None,None,None,94351000,481155000,204341000,None,None,247274000,507565000,596290000,276814000
